@article{gallager1962,
  author  = {Gallager, R. G.},
  title   = {Low Density Parity Check Codes},
  journal = {Transactions of the IRE Professional Group on Information Theory},
  volume  = {IT-8},
  year    = {1962},
  month   = {January},
  pages   = {21-28}
}

@book{huffman,
  author    = {Huffman, W. C. and Pless, V.},
  title     = {Fundamentals of Error Correcting Codes},
  publisher = {Cambridge University Press},
  year      = {2003}
}

@online{lntww2023,
  author  = {Lehrstuhl für Nachrichtentechnik},
  title   = {Allgemeine Beschreibung linearer Blockcodes},
  year    = {2023},
  url     = {https://www.lntwww.de/Kanalcodierung/Allgemeine_Beschreibung_linearer_Blockcodes},
  urldate = {2023-06-28}
}

@online{Tannerg,
  author  = {Lehrstuhl für Nachrichtentechnik},
  title   = {Allgemeine Beschreibung linearer Blockcodes},
  year    = {2023},
  url     = {https://www.sciencedirect.com/topics/engineering/parity-check-code},
  urldate = {2023-06-28}
}

